% Starlight UV generation 
@article{galli2019,
	author = {Galli, Mara and Wanie, Vincent and others},
	title = {Generation of deep ultraviolet sub-2-fs pulses},
	year = {2019},
	journal = {Optics Letters},
	volume = {44}
}

